<?xml version="1.0" encoding="UTF-8"?><collection xmlns="http://www.loc.gov/MARC21/slim"><record><leader>00389nam--2200121-i-4500</leader><controlfield tag="001">000002446</controlfield><controlfield tag="002">20161230</controlfield><controlfield tag="005">20161230201025</controlfield><controlfield tag="008">060222s1000------------r-----000-0-eng-d</controlfield><datafield ind1=" " ind2=" " tag="080"><subfield code="a">539</subfield></datafield><datafield ind1=" " ind2=" " tag="245"><subfield code="a">The effect of time and temperature upon the growth of particles of sodium uranate slurries in molten caustic soda. a.e.r.e.c/r-1884</subfield></datafield><datafield ind1=" " ind2=" " tag="260"><subfield code="a">Harwell, Berks, 1956. 5 P. + 2 Pl</subfield></datafield><datafield ind1=" " ind2=" " tag="852"><subfield code="a">11247</subfield></datafield></record></collection>